<record><leader>00000cas a2200000 a 4500</leader><controlfield tag="001">34006641</controlfield><controlfield tag="008">960109d19661967miuwr ne      0    0eng c</controlfield><datafield ind1=" " ind2=" " tag="010"><subfield code="a">sn 95077614 </subfield></datafield><datafield ind1=" " ind2=" " tag="040"><subfield code="a">MHN</subfield><subfield code="b">eng</subfield><subfield code="c">MHN</subfield><subfield code="d">OCL</subfield><subfield code="d">OCLCQ</subfield><subfield code="d">OCLCF</subfield><subfield code="d">OCLCO</subfield></datafield><datafield ind1="1" ind2=" " tag="029"><subfield code="a">AU@</subfield><subfield code="b">000012146909</subfield></datafield><datafield ind1=" " ind2=" " tag="042"><subfield code="a">pcc</subfield></datafield><datafield ind1=" " ind2=" " tag="043"><subfield code="a">n-us-mi</subfield></datafield><datafield ind1="0" ind2="0" tag="245"><subfield code="a">Saint Louis leader-press.</subfield></datafield><datafield ind1="3" ind2=" " tag="246"><subfield code="a">St. Louis leader-press</subfield></datafield><datafield ind1=" " ind2=" " tag="260"><subfield code="a">St. Louis, Mich. :</subfield><subfield code="b">Clarence V. Smazel</subfield></datafield><datafield ind1=" " ind2=" " tag="300"><subfield code="a">v.</subfield></datafield><datafield ind1=" " ind2=" " tag="310"><subfield code="a">Weekly</subfield></datafield><datafield ind1="0" ind2=" " tag="362"><subfield code="a">Vol. 88, no. 11 (July 21, 1966)-v. 89, no. 34 (Dec. 28, 1967).</subfield></datafield><datafield ind1=" " ind2=" " tag="580"><subfield code="a">Merged with: Record (Alma, Mich.), to form: Record-leader.</subfield></datafield><datafield ind1=" " ind2="0" tag="651"><subfield code="a">Saint Louis (Mich.)</subfield><subfield code="v">Newspapers.</subfield></datafield><datafield ind1=" " ind2="0" tag="651"><subfield code="a">Breckenridge (Mich.)</subfield><subfield code="v">Newspapers.</subfield></datafield><datafield ind1=" " ind2="0" tag="651"><subfield code="a">Gratiot County (Mich.)</subfield><subfield code="v">Newspapers.</subfield></datafield><datafield ind1=" " ind2="7" tag="655"><subfield code="a">Newspapers.</subfield><subfield code="2">fast</subfield><subfield code="0">(OCoLC)fst01423814</subfield></datafield><datafield ind1=" " ind2="7" tag="651"><subfield code="a">Michigan</subfield><subfield code="z">Breckenridge.</subfield><subfield code="2">fast</subfield><subfield code="0">(OCoLC)fst01229557</subfield></datafield><datafield ind1=" " ind2="7" tag="651"><subfield code="a">Michigan</subfield><subfield code="z">Gratiot County.</subfield><subfield code="2">fast</subfield><subfield code="0">(OCoLC)fst01206847</subfield></datafield><datafield ind1=" " ind2="7" tag="651"><subfield code="a">Michigan</subfield><subfield code="z">Saint Louis.</subfield><subfield code="2">fast</subfield><subfield code="0">(OCoLC)fst01237430</subfield></datafield><datafield ind1=" " ind2=" " tag="752"><subfield code="a">United States</subfield><subfield code="b">Michigan</subfield><subfield code="c">Gratiot</subfield><subfield code="d">Saint Louis.</subfield></datafield><datafield ind1="0" ind2="0" tag="780"><subfield code="t">St. Louis leader-press combined with the Breckenridge American</subfield><subfield code="w">(DLC)sn 95077610</subfield><subfield code="w">(OCoLC)34006655</subfield></datafield><datafield ind1="1" ind2="7" tag="785"><subfield code="t">Record (Alma, Mich.)</subfield><subfield code="w">(DLC)sn 95077613</subfield><subfield code="w">(OCoLC)34006803</subfield></datafield><datafield ind1="1" ind2="7" tag="785"><subfield code="t">Record-leader</subfield><subfield code="w">(DLC)sn 95077615</subfield><subfield code="w">(OCoLC)34007155</subfield></datafield></record>